    @BOOK{Testovani_softwaru,
      author =       "{Ron Patton}",
      title =        "Testování softwaru",
      publisher =    "Computer Press Praha",
      year =         "2002",
      note =         "ISBN~80-7226-636-5",
    }

    @BOOK{Software_testing_patton,
      author =       "{Ron Patton}",
      title =        "Software testing Second edition",
      publisher =    "SAMS",
      year =         "2005",
      note =         "ISBN~0-672-32798-8",
    }
    
    @BOOK{Software_testing,
      author =       "Paul C. Jorgensen",
      title =        "Software testing",
      publisher =    "Auerbach Publications",
      note =         "ISBN~0-8493-74-75-8",
    }

   @MISC{cstugWeb,
      author =       "{WWW stránky}",  
      title =        "Československé sdružení uživatelů {\TeX}u",
      howpublished=  "{\tt http://www.cstug.cz}",
   }

   @MISC{fitWeb,
      author =       "Z. Rábová and P. Hanáček and P. Peringer and P. Přikryl and B. Křena",  
      title =        "Užitečné rady pro psaní odborného textu [online]",
      publisher =    "FIT VUT v Brně",
      year =         "2008-11-01 [cit. 2008-11-28]",
      howpublished=  "{\tt http://www.fit.vutbr.cz/info/statnice/psani\_textu.html}",
   }

   @MISC{tunedHomepage,
      title =        "Tuned - domovská stránka",
      howpublished=  "{\tt https://fedorahosted.org/tuned}",
   }

   @MISC{powertopHomepage,
      title =        "PowerTOP - domovská stránka",
      howpublished=  "{\tt https://01.org/powertop}",
   }

   @MISC{beakerlibHomepage,
      title =        "BeakerLib - domovská stránka",
      howpublished=  "{\tt https://fedorahosted.org/beakerlib}",
   }

   @MISC{fedoraHomepage,
      title =        "Fedora - domovská stránka",
      howpublished=  "{\tt http://fedoraproject.org}",
   }

   @MISC{sleepStates,
      title =        "Spiace stavy - sleep states",
      howpublished=  "{\tt http://www.intel.com/support/processors/sb/CS-028739.htm}",
   }

   @Article{arch:governor,
       journal = {CPU Frequency Scaling},
       url = {https://wiki.archlinux.org/index.php/CPU_Frequency_Scaling},
       note = {[online]. 2013 [cit. 2013-04-20]},
   }

   @Article{suse:scheduler,
       journal = {Tuning I/O Performance},
       url = {http://doc.opensuse.org/products/draft/SLES/SLES-tuning_sd_draft/cha.tuning.io.html},
       note = {[online]. 2013 [cit. 2013-04-20]},
   }

   @INPROCEEDINGS{book:scheduler, 
       author={Stanovich, M.J. and Baker, T.P. and Wang, A.-I.A.}, 
       booktitle={Real-Time and Embedded Technology and Applications Symposium, 2008. RTAS '08. IEEE}, title={Throttling On-Disk Schedulers to Meet Soft-Real-Time Requirements}, 
       year={2008}, 
       pages={331-341}, 
       keywords={Linux;disc drives;operating systems (computers);Linux operating system;disk drive;on-disk queue;on-disk scheduler;starvation prevention scheme;Application software;Computer science;Delay;Disk drives;Hardware;Job shop scheduling;Operating systems;Processor scheduling;Real time systems;Timing;deadline;device driver;hard disk drive;operating system;real-time}, 
       doi={10.1109/RTAS.2008.30}, 
       ISSN={1545-3421},
   }
