    @BOOK{Testovani_softwaru,
      author =       "{Ron Patton}",
      title =        "Testování softwaru",
      publisher =    "Computer Press Praha",
      year =         "2002",
      note =         "ISBN~80-7226-636-5",
    }

    @BOOK{Software_testing_patton,
      author =       "{Ron Patton}",
      title =        "Software testing Second edition",
      publisher =    "SAMS",
      year =         "2005",
      note =         "ISBN~0-672-32798-8",
    }
    
    @BOOK{Software_testing,
      author =       "Paul C. Jorgensen",
      title =        "Software testing",
      publisher =    "Auerbach Publications",
      note =         "ISBN~0-8493-74-75-8",
    }

   @MISC{cstugWeb,
      author =       "{WWW stránky}",  
      title =        "Československé sdružení uživatelů {\TeX}u",
      howpublished=  "{\tt http://www.cstug.cz}",
   }

   @MISC{fitWeb,
      author =       "Z. Rábová and P. Hanáček and P. Peringer and P. Přikryl and B. Křena",  
      title =        "Užitečné rady pro psaní odborného textu [online]",
      publisher =    "FIT VUT v Brně",
      year =         "2008-11-01 [cit. 2008-11-28]",
      howpublished=  "{\tt http://www.fit.vutbr.cz/info/statnice/psani\_textu.html}",
   }
